@InProceedings{orr2018brims,
	Title                    = {SBP-BRiMS Multi-Scale Resolution Paper},
	Author                   = {Orr, Mark G and Lebiere, C and Stocco, A and Pirolli, P and Pires, B and Kennedy, W G},
	Booktitle                = {Proceedings of the International Conference SBP-BRiMS},
	Year                     = {2018}
}

@InBook{orr2017galeabook,
	Title                    = {Systems of behavior and population health},
	Author                   = {Orr, M G and Ziemer, K and Chen, D},
	Editor                   = {El-Sayed, A M and Galea, S G},
	Publisher                = {Oxford University Press},
	Year                     = {2017},	
	Address                  = {New York},
	Type                     = {Book Section},
	Booktitle                = {Systems Science and Population Health}
}

@InBook{orr2017readbook,
	Title                    = {Computational models of health behavior},
	Author                   = {Orr, M G and Chen, D},
	Editor                   = {Vallacher, R and Nowak, A and Read, S},
	Publisher                = {Psychology Press/Routledge},
	Year                     = {2017},	
	Address                  = {New York},
	Type                     = {Book Section},
	Booktitle                = {Computational Models in Social Psychology}
}

@article{cacioppo1992rudimentary,
	title={Rudimentary determinants of attitudes: Classical conditioning is more effective when prior knowledge about the attitude stimulus is low than high},
	author={Cacioppo, John T and Marshall-Goodell, Beverly S and Tassinary, Louis G and Petty, Richard E},
	journal={Journal of Experimental Social Psychology},
	volume={28},
	number={3},
	pages={207--233},
	year={1992},
	publisher={Elsevier},
	Owner                    = {morr9},
	Timestamp                = {2018.04.25}
}

@Article{heit1994models,
	Title                    = {Models of the effects of prior knowledge on category learning.},
	Author                   = {Heit, Evan},
	Journal                  = {Journal of Experimental Psychology: Learning, Memory, and Cognition},
	Year                     = {1994},
	Number                   = {6},
	Pages                    = {1264},
	Volume                   = {20},
	
	Owner                    = {morr9},
	Publisher                = {American Psychological Association},
	Timestamp                = {2018.04.25}
}

@Article{mcnamara1996learning,
	Title                    = {Learning from texts: Effects of prior knowledge and text coherence},
	Author                   = {McNamara, Danielle S and Kintsch, Walter},
	Journal                  = {Discourse processes},
	Year                     = {1996},
	Number                   = {3},
	Pages                    = {247--288},
	Volume                   = {22},
	
	Owner                    = {morr9},
	Publisher                = {Taylor \& Francis},
	Timestamp                = {2018.04.25}
}

@Article{nianogo2015agent,
	Title                    = {Agent-based modeling of noncommunicable diseases: a systematic review},
	Author                   = {Nianogo, Roch A and Arah, Onyebuchi A},
	Journal                  = {American journal of public health},
	Year                     = {2015},
	Number                   = {3},
	Pages                    = {e20--e31},
	Volume                   = {105},
	
	Owner                    = {morr9},
	Publisher                = {American Public Health Association},
	Timestamp                = {2018.04.25}
}

@Book{epstein2014,
	Title                    = {Agent\_Zero: Toward neurocognitive foundations for generative social science},
	Author                   = {Epstein, Joshua M},
	Publisher                = {Princeton University Press},
	Year                     = {2014}
}

@Article{van2008tractable,
	Title                    = {The tractable cognition thesis},
	Author                   = {Van Rooij, Iris},
	Journal                  = {Cognitive science},
	Year                     = {2008},
	Number                   = {6},
	Pages                    = {939--984},
	Volume                   = {32},
	Owner                    = {morr9},
	Publisher                = {Wiley Online Library},
	Timestamp                = {2018.04.25}
}

@Book{Marr1982,
	Title                    = {A computational investigation into the human representation and processing of visual information},
	Author                   = {Marr, D},
	Publisher                = {MIT Press},
	Year                     = {1982},	
	Address                  = {Cambridge, MA},
	Type                     = {Book}
}


@article{schelling1969,
  title={Models of segregation},
  author={Schelling, Thomas C},
  journal={The American Economic Review},
  volume={59},
  number={2},
  pages={488--493},
  year={1969},
  publisher={JSTOR}
}

@article{axelrod1995,
  title={A model of the emergence of new political actors},
  author={Axelrod, Robert and others},
  journal={Artificial societies: The computer simulation of social life},
  pages={19--39},
  year={1995},
  publisher={University College London Press London}
}

@article{epstein2002,
  title={Modeling civil violence: An agent-based computational approach},
  author={Epstein, Joshua M},
  journal={Proceedings of the National Academy of Sciences},
  volume={99},
  number={suppl 3},
  pages={7243--7250},
  year={2002},
  publisher={National Acad Sciences}
}

@inproceedings{rao1995,
  title={BDI Agents: From Theory to Practice.},
  author={Rao, Anand S and Georgeff, Michael P and others},
  booktitle={ICMAS},
  volume={95},
  pages={312--319},
  year={1995}
}

@book{schmidt2000,
  title={The modelling of human behaviour: The PECS reference models},
  author={Schmidt, Bernd},
  year={2000},
  publisher={SCS-Europe BVBA}
}

@article{pires2017,
  title={Modeling the emergence of riots: A geosimulation approach},
  author={Pires, Bianica and Crooks, Andrew T},
  journal={Computers, Environment and Urban Systems},
  volume={61},
  pages={66--80},
  year={2017},
  publisher={Elsevier}
}

@book{simon1996,
  title={The sciences of the artificial},
  author={Simon, Herbert A},
  year={1996},
  publisher={MIT press}
}

 @article{reynolds1987,
  title={Flocks, herds and schools: A distributed behavioral model},
  author={Reynolds, Craig W},
  journal={ACM SIGGRAPH computer graphics},
  volume={21},
  number={4},
  pages={25--34},
  year={1987},
  publisher={ACM}
}

@book{miller2009,
  title={Complex adaptive systems: An introduction to computational models of social life},
  author={Miller, John H and Page, Scott E},
  year={2009},
  publisher={Princeton university press}
}

@incollection{caillou2017,
  title={A Simple-to-use BDI architecture for Agent-based Modeling and Simulation},
  author={Caillou, Philippe and Gaudou, Benoit and Grignard, Arnaud and Truong, Chi Quang and Taillandier, Patrick},
  booktitle={Advances in Social Simulation 2015},
  pages={15--28},
  year={2017},
  publisher={Springer}
}

@inproceedings{sakellariou2008,
  title={Enhancing NetLogo to Simulate BDI Communicating Agents.},
  author={Sakellariou, Ilias and Kefalas, Petros and Stamatopoulou, Ioanna},
  booktitle={SETN},
  volume={8},
  pages={263--275},
  year={2008},
  organization={Springer}
}

@article{malleson2012,
  title={Implementing comprehensive offender behaviour in a realistic agent-based model of burglary},
  author={Malleson, Nick and See, Linda and Evans, Andy and Heppenstall, Alison},
  journal={Simulation},
  volume={88},
  number={1},
  pages={50--71},
  year={2012},
  publisher={Sage Publications Sage UK: London, England}
}

@incollection{kennedy2012,
  title={Modelling human behaviour in agent-based models},
  author={Kennedy, William G},
  booktitle={Agent-based models of geographical systems},
  pages={167--179},
  year={2012},
  publisher={Springer}
}

@book{gigerenzer1999,
  title={Simple heuristics that make us smart},
  author={Gigerenzer, Gerd and Todd, Peter M and ABC Research Group, the and others},
  year={1999},
  publisher={Oxford University Press}
}

@book{epstein2014,
  title={Agent\_Zero: Toward neurocognitive foundations for generative social science},
  author={Epstein, Joshua M},
  year={2014},
  publisher={Princeton University Press}
}

@article{chi2003,
  title={The Bloodhound Project: Automating discovery of Web usability issues using the InfoScent simulator.},
  author={Chi, E. H. and Rosien, A. and Suppattanasiri, G. and Williams, A. and Royer, C. and Chow, C. and Cousins, S.},
  journal={ACM Conference on Human Factors in Computing Systems, CHI Letters},
  volume={5},
  number={1},
  pages={505-512},
  year={2003},
  organization={CHI}
}

@article{fu2007,
  title={SNIF-ACT: A model of user navigation on the World Wide Web.},
  author={Fu, Wai-Tat and Pirolli, Peter },
  journal={Human Computer Interaction},
  volume={22},
  number={4},
  pages={355-412},
  year={2007}
}

@article{huberman1998,
  title={Strong regularities in world wide web surfing.},
  author={Huberman, B. A. and Pirolli, P. and Pitkow, J. E. and Lukose, R. M.},
  journal={Science},
  volume={280},
  number={5360},
  pages={95-97},
  year={1998}
}

@inproceedings{reitter2010,
  title={Accountable Modeling in ACT-UP, a Scalable, Rapid-Prototyping ACT-R Implementation.},
  author={Reitter, David and Lebiere, Christian},
  booktitle={Proceedings of the 2010 International Conference on Cognitive Modeling},
  year={2010}
}

@article{stocco2010,
  title={Conditional Routing of Information to the Cortex: A Model of the Basal Gangliaâ€™s Role in Cognitive Coordination.},
  author={Stocco, Andrea and Lebiere, Christian and Anderson, John R.},
  journal={Psychological Review},
  volume={117},
  number={2},
  pages={541-574},
  year={2010}
}

@article {stocco2017,
author = {Stocco, Andrea},
title = {A Biologically Plausible Action Selection System for Cognitive Architectures: Implications of Basal Ganglia Anatomy for Learning and Decision-Making Models},
journal = {Cognitive Science},
issn = {1551-6709},
url = {http://dx.doi.org/10.1111/cogs.12506},
doi = {10.1111/cogs.12506},
pages = {n/a--n/a},
keywords = {Cognitive architectures, Production systems, Basal ganglia, Reinforcement learning, Neurophysiology, Decision making},
}




@article{gonzalez2003,
  title={Instance-based learning in dynamic decision making.},
  author={Gonzalez, Cleotilde and Lerch, F. Javier and Lebiere, Christian},
  journal={Cognitive Science},
  volume={27},
  number={4},
  pages={591-635},
  year={2003}
}

@article{west2001,
  title={Simple games as dynamic, coupled systems: Randomness and other emergent properties.},
  author={West, Robert L. and Lebiere, Christian},
  journal={Cognitive Systems Research},
  volume={1},
  number={4},
  pages={221-239},
  year={2001}
}

@inproceedings{lebiere2003,
  title={Choice and Learning under Uncertainty: A Case Study in Baseball Batting.},
  author={Lebiere, Christian and Gray, Robert and Salvucci, Dario and West, Robert},
  booktitle={Proceedings of the 25th Annual Meeting of the Cognitive Science Society.},
  pages={704-709},
  year={2003},
  organization={Mahwah, NJ: Erlbaum}
}

@inproceedings{lebiere2000,
  title={A memory-based account of the prisonerâ€™s dilemma and other 2x2 games.},
  author={Lebiere, Christian and Wallach, Dieter and West, Robert},
  booktitle={Proceedings of International Conference on Cognitive Modeling},
  pages={185-193},
  year={2000},
  organization={NL: Universal Press}
}

@inproceedings{west2005,
  title={Stochastic resonance in human cognition: ACT-R vs. game theory, associative neural networks, recursive neural networks, q-learning, and humans.},
  author={West, Robert L. and Stewart, Terrence C. and Lebiere, Christian and Chandrasekharan, S. },
  booktitle={Proceedings of the 27th Annual Conference of the Cognitive Science Society.},
  pages={2353-2358},
  year={2005},
  organization={Mahwah, NJ: Lawrence Erlbaum Associates}
}

@inproceedings{romero2014,
  title={Simulating Network Behavioral Dynamics by using a Multi-agent approach driven by ACT-R Cognitive Architecture.},
  author={Romero, Oscar and Lebiere, Christian},
  booktitle={Proceedings of the Behavior Representation in Modeling and Simulation Conference },
  year={2014}
}

@inproceedings{reitter2012,
  title={Social cognition: Memory decay and adaptive information filtering for robust information maintenance.},
  author={Reitter, David and Lebiere, Christian },
  booktitle={Proceedings of the Twenty-Sixth AAAI Conference on Artificial Intelligence},
  pages={242-248},
  year={2012},
  organization={AAAI}
}

@article{simon1962,
  title={The architecture of complexity.},
  author={Simon, Herbert A.},
  journal={Proceedings of the American Philosophical Society},
  volume={106},
  number={6},
  pages={467-482},
  year={1962}
}

@article{anderson1972,
  title={More is different:  Broken symmetry and the nature of the hierarchical structure of science.},
  author={Anderson, P. W.},
  journal={Science},
  volume={177},
  number={4047},
  pages={393-396},
  year={1972}
}

@book{prietula1998,
  title={Simulating organizations: Computational models of institutions and groups},
  author={Prietula, Michael and Carley, Kathleen and Gasser, Les},
  volume={1},
  year={1998},
  publisher={The MIT Press}
}

@book{sun2006,
  title={Cognition and multi-agent interaction: From cognitive modeling to social simulation},
  author={Sun, Ron},
  year={2006},
  publisher={Cambridge University Press}
}

@book{vallacher2017,
  title={Computational Social Psychology},
  author={Vallacher, Robin R and Read, Stephen J and Nowak, Andrzej},
  year={2017},
  publisher={Routledge}
}

@article{simon1991,
  title={Bounded rationality and organizational learning},
  author={Simon, Herbert A},
  journal={Organization science},
  volume={2},
  number={1},
  pages={125--134},
  year={1991},
  publisher={INFORMS}
}

@book{anderson2007,
  title={How can the human mind occur in the physical universe?},
  author={Anderson, John R},
  year={2007},
  publisher={Oxford University Press}
}

@book{newell1990,
  title={Unified theories of cognition.},
  author={Newell, Allen},
  year={1990},
  publisher={Harvard University Press}
}

@article{anderson2002,
  title={Spanning seven orders of magnitude: A challenge for cognitive modeling},
  author={Anderson, John R},
  journal={Cognitive Science},
  volume={26},
  number={1},
  pages={85--112},
  year={2002},
  publisher={Elsevier}
}

@Article{Bhattacharyya2010,
	Title                    = {Social creativity as a function of agent cognition and network properties: A computer model},
	Author                   = {Bhattacharyya, S and Ohlsson, S},
	Journal                  = {Social Networks},
	Year                     = {2010},
	Pages                    = {263-278},
	Volume                   = {32},
	
	Type                     = {Journal Article}
}

@book{el-sayed2017systems,
	title={Systems Science and Population Health},
	author={El-Sayed, Abdulrahman M and Galea, Sandro},
	year={2017},
	publisher={Oxford University Press}
}

@book{kaplan2017growing,
	title={Growing inequality: bridging complex systems, population health, and health disparities},
	author={Kaplan, George A and Roux, Ana V Diez and Simon, Carl P and Galea, Sandro},
	year={2017},
	publisher={Westphalia Press}
}

% 
